<?xml version="1.0" encoding="UTF-8"?><collection xmlns="http://www.loc.gov/MARC21/slim"><record><leader>00471nam--2200121-i-4500</leader><controlfield tag="001">000043154</controlfield><controlfield tag="002">20161230</controlfield><controlfield tag="005">20161230201043</controlfield><controlfield tag="008">060222s1000------------r-----000-0-eng-d</controlfield><datafield ind1=" " ind2=" " tag="080"><subfield code="a">543</subfield></datafield><datafield ind1=" " ind2=" " tag="245"><subfield code="a">Supplemento to efficial, standardised and recommended methods of anaylis. compiled and edited for the analytical methods comittee of the society for analytical chemistry by s.c.jolly</subfield></datafield><datafield ind1=" " ind2=" " tag="260"><subfield code="a">London, The Sosciety For Analytical Chemistry, 1967. Xiv + 424 P</subfield></datafield><datafield ind1=" " ind2=" " tag="852"><subfield code="a">30078</subfield></datafield></record></collection>